%YAML 1.1
%TAG !u! tag:unity3d.com,2011:
--- !u!1 &950055320712883802
GameObject:
  m_ObjectHideFlags: 0
  m_CorrespondingSourceObject: {fileID: 0}
  m_PrefabInstance: {fileID: 0}
  m_PrefabAsset: {fileID: 0}
  serializedVersion: 6
  m_Component:
  - component: {fileID: 8971193842714325194}
  - component: {fileID: 4743381688571765145}
  m_Layer: 0
  m_Name: GreenPowerUp
  m_TagString: Untagged
  m_Icon: {fileID: 0}
  m_NavMeshLayer: 0
  m_StaticEditorFlags: 0
  m_IsActive: 1
--- !u!4 &8971193842714325194
Transform:
  m_ObjectHideFlags: 0
  m_CorrespondingSourceObject: {fileID: 0}
  m_PrefabInstance: {fileID: 0}
  m_PrefabAsset: {fileID: 0}
  m_GameObject: {fileID: 950055320712883802}
  m_LocalRotation: {x: 0, y: 0, z: 0, w: 1}
  m_LocalPosition: {x: 0, y: 0, z: 0}
  m_LocalScale: {x: 1, y: 1, z: 1}
  m_Children:
  - {fileID: 7654635899385351173}
  m_Father: {fileID: 0}
  m_RootOrder: 0
  m_LocalEulerAnglesHint: {x: 0, y: 0, z: 0}
--- !u!114 &4743381688571765145
MonoBehaviour:
  m_ObjectHideFlags: 0
  m_CorrespondingSourceObject: {fileID: 0}
  m_PrefabInstance: {fileID: 0}
  m_PrefabAsset: {fileID: 0}
  m_GameObject: {fileID: 950055320712883802}
  m_Enabled: 1
  m_EditorHideFlags: 0
  m_Script: {fileID: 11500000, guid: 79f2b7f7c8f64624ca083d1ffbb400c6, type: 3}
  m_Name: 
  m_EditorClassIdentifier: 
  _liquidVolume: {fileID: 4712147359928644394}
  _maxValue: 100
  _liquidLerpSpeed: 2
  _maxLiquidLevel: 0.95
  _minLiquidLevel: 0
  _outline: {fileID: 1042583749784716247}
--- !u!1 &6042168472851983840
GameObject:
  m_ObjectHideFlags: 0
  m_CorrespondingSourceObject: {fileID: 0}
  m_PrefabInstance: {fileID: 0}
  m_PrefabAsset: {fileID: 0}
  serializedVersion: 6
  m_Component:
  - component: {fileID: 7654635899385351173}
  - component: {fileID: 6974303279997424949}
  - component: {fileID: 523978996096899543}
  - component: {fileID: 4712147359928644394}
  - component: {fileID: 1042583749784716247}
  m_Layer: 0
  m_Name: GreenPowerUp
  m_TagString: Untagged
  m_Icon: {fileID: 0}
  m_NavMeshLayer: 0
  m_StaticEditorFlags: 0
  m_IsActive: 1
--- !u!4 &7654635899385351173
Transform:
  m_ObjectHideFlags: 0
  m_CorrespondingSourceObject: {fileID: 0}
  m_PrefabInstance: {fileID: 0}
  m_PrefabAsset: {fileID: 0}
  m_GameObject: {fileID: 6042168472851983840}
  m_LocalRotation: {x: 0, y: 0, z: 0, w: 1}
  m_LocalPosition: {x: 0, y: 0, z: 0}
  m_LocalScale: {x: 0.057140004, y: 0.057579998, z: 0.057140004}
  m_Children: []
  m_Father: {fileID: 8971193842714325194}
  m_RootOrder: 0
  m_LocalEulerAnglesHint: {x: 0, y: 0, z: 0}
--- !u!33 &6974303279997424949
MeshFilter:
  m_ObjectHideFlags: 0
  m_CorrespondingSourceObject: {fileID: 0}
  m_PrefabInstance: {fileID: 0}
  m_PrefabAsset: {fileID: 0}
  m_GameObject: {fileID: 6042168472851983840}
  m_Mesh: {fileID: 10206, guid: 0000000000000000e000000000000000, type: 0}
--- !u!23 &523978996096899543
MeshRenderer:
  m_ObjectHideFlags: 0
  m_CorrespondingSourceObject: {fileID: 0}
  m_PrefabInstance: {fileID: 0}
  m_PrefabAsset: {fileID: 0}
  m_GameObject: {fileID: 6042168472851983840}
  m_Enabled: 1
  m_CastShadows: 0
  m_ReceiveShadows: 1
  m_DynamicOccludee: 1
  m_MotionVectors: 1
  m_LightProbeUsage: 4
  m_ReflectionProbeUsage: 0
  m_RayTracingMode: 2
  m_RayTraceProcedural: 0
  m_RenderingLayerMask: 1
  m_RendererPriority: 0
  m_Materials:
  - {fileID: 0}
  m_StaticBatchInfo:
    firstSubMesh: 0
    subMeshCount: 0
  m_StaticBatchRoot: {fileID: 0}
  m_ProbeAnchor: {fileID: 0}
  m_LightProbeVolumeOverride: {fileID: 0}
  m_ScaleInLightmap: 1
  m_ReceiveGI: 1
  m_PreserveUVs: 1
  m_IgnoreNormalsForChartDetection: 0
  m_ImportantGI: 0
  m_StitchLightmapSeams: 0
  m_SelectedEditorRenderState: 3
  m_MinimumChartSize: 4
  m_AutoUVMaxDistance: 0.5
  m_AutoUVMaxAngle: 89
  m_LightmapParameters: {fileID: 0}
  m_SortingLayerID: 0
  m_SortingLayer: 0
  m_SortingOrder: 0
  m_AdditionalVertexStreams: {fileID: 0}
--- !u!114 &4712147359928644394
MonoBehaviour:
  m_ObjectHideFlags: 0
  m_CorrespondingSourceObject: {fileID: 0}
  m_PrefabInstance: {fileID: 0}
  m_PrefabAsset: {fileID: 0}
  m_GameObject: {fileID: 6042168472851983840}
  m_Enabled: 1
  m_EditorHideFlags: 0
  m_Script: {fileID: 11500000, guid: 4f61dcfd7077c46509132f92d2df65fe, type: 3}
  m_Name: 
  m_EditorClassIdentifier: 
  _topology: 1
  _detail: 11
  _level: 0.26
  _levelMultiplier: 1
  _liquidLayers: []
  _smoothContactSurface: 3
  _ditherStrength: 0.5
  _layersAdjustmentSpeed: 1
  _layersAdjustmentCompact: 1
  _useLightColor: 0
  _directionalLight: {fileID: 0}
  _liquidColor1: {r: 0.7438973, g: 1, b: 0, a: 0.101960786}
  _liquidScale1: 1.3
  _liquidColor2: {r: 0.74509805, g: 1, b: 0, a: 0.101960786}
  _liquidScale2: 2.54
  _alpha: 1
  _emissionColor: {r: 0, g: 0, b: 0, a: 1}
  _ditherShadows: 1
  _murkiness: 0.253
  _turbulence1: 0.644
  _turbulence2: 0.023
  _frecuency: 1
  _speed: 0.56
  _sparklingIntensity: 0
  _sparklingAmount: 0
  _deepObscurance: 0
  _foamColor: {r: 1, g: 1, b: 1, a: 0.05490196}
  _foamScale: 0.01
  _foamThickness: 0.0001
  _foamDensity: 0.83
  _foamWeight: 100
  _foamTurbulence: 1
  _foamVisibleFromBottom: 1
  _smokeEnabled: 1
  _smokeColor: {r: 0.7, g: 0.7, b: 0.7, a: 0.078431375}
  _smokeScale: 1
  _smokeBaseObscurance: 0
  _smokeHeightAtten: 0
  _smokeSpeed: 5
  _fixMesh: 0
  originalMesh: {fileID: 0}
  originalPivotOffset: {x: 0, y: 0, z: 0}
  _pivotOffset: {x: 0, y: 0, z: 0}
  _autoCloseMesh: 0
  _upperLimit: 1
  _lowerLimit: -1.5
  _subMeshIndex: 0
  _flaskMaterial: {fileID: 0}
  _flaskThickness: 0
  _glossinessInternal: 0.225
  _scatteringEnabled: 0
  _scatteringPower: 5
  _scatteringAmount: 0.3
  _refractionBlur: 0
  _blurIntensity: 0.75
  _liquidRaySteps: 10
  _foamRaySteps: 7
  _smokeRaySteps: 5
  _bumpMap: {fileID: 0}
  _bumpStrength: 1
  _bumpDistortionScale: 1
  _bumpDistortionOffset: {x: 0, y: 0}
  _distortionMap: {fileID: 0}
  _texture: {fileID: 0}
  _textureScale: {x: 1, y: 1}
  _textureOffset: {x: 0, y: 0}
  _distortionAmount: 1
  _depthAware: 0
  _depthAwareOffset: 50
  _irregularDepthDebug: 0
  _depthAwareCustomPass: 0
  _depthAwareCustomPassDebug: 0
  _doubleSidedBias: 0
  _backDepthBias: 0
  _rotationLevelCompensation: 0
  _ignoreGravity: 1
  _reactToForces: 0
  _extentsScale: {x: 1, y: 1, z: 1}
  _noiseVariation: 2
  _allowViewFromInside: 0
  _debugSpillPoint: 0
  _renderQueue: 3001
  _reflectionTexture: {fileID: 8900000, guid: a730bb546543847cfb568b69de54fdbb, type: 2}
  _physicsMass: 1
  _physicsAngularDamp: 0.02
  _bubblesAmount: 32
  _bubblesSizeMin: 2
  _bubblesSizeMax: 4
  _bubblesScale: 3
  _bubblesBrightness: 1
  _bubblesVerticalSpeed: 1
  _bubblesSeed: 1
  _pointLightsEnabled: 0
  pointLightParams:
  - name: Light 1
    targetPos: {x: 0, y: 0, z: 0}
    randomTarget: 0
    randomTargetCenter: {x: 0, y: 0, z: 0}
    randomTargetRadius: 0
    nextTargetInterval: 0
    moveSpeed: 0
    lightRange: 0
    intensityMin: 0
    intensityMax: 0
    intensitySpeed: 0
    color1: {r: 0, g: 0, b: 0, a: 0}
    color2: {r: 0, g: 0, b: 0, a: 0}
    colorSpeed: 0
  - name: Light 2
    targetPos: {x: 0, y: 0, z: 0}
    randomTarget: 0
    randomTargetCenter: {x: 0, y: 0, z: 0}
    randomTargetRadius: 0
    nextTargetInterval: 0
    moveSpeed: 0
    lightRange: 0
    intensityMin: 0
    intensityMax: 0
    intensitySpeed: 0
    color1: {r: 0, g: 0, b: 0, a: 0}
    color2: {r: 0, g: 0, b: 0, a: 0}
    colorSpeed: 0
  - name: Light 3
    targetPos: {x: 0, y: 0, z: 0}
    randomTarget: 0
    randomTargetCenter: {x: 0, y: 0, z: 0}
    randomTargetRadius: 0
    nextTargetInterval: 0
    moveSpeed: 0
    lightRange: 0
    intensityMin: 0
    intensityMax: 0
    intensitySpeed: 0
    color1: {r: 0, g: 0, b: 0, a: 0}
    color2: {r: 0, g: 0, b: 0, a: 0}
    colorSpeed: 0
  - name: Light 4
    targetPos: {x: 0, y: 0, z: 0}
    randomTarget: 0
    randomTargetCenter: {x: 0, y: 0, z: 0}
    randomTargetRadius: 0
    nextTargetInterval: 0
    moveSpeed: 0
    lightRange: 0
    intensityMin: 0
    intensityMax: 0
    intensitySpeed: 0
    color1: {r: 0, g: 0, b: 0, a: 0}
    color2: {r: 0, g: 0, b: 0, a: 0}
    colorSpeed: 0
  - name: Light 5
    targetPos: {x: 0, y: 0, z: 0}
    randomTarget: 0
    randomTargetCenter: {x: 0, y: 0, z: 0}
    randomTargetRadius: 0
    nextTargetInterval: 0
    moveSpeed: 0
    lightRange: 0
    intensityMin: 0
    intensityMax: 0
    intensitySpeed: 0
    color1: {r: 0, g: 0, b: 0, a: 0}
    color2: {r: 0, g: 0, b: 0, a: 0}
    colorSpeed: 0
  - name: Light 6
    targetPos: {x: 0, y: 0, z: 0}
    randomTarget: 0
    randomTargetCenter: {x: 0, y: 0, z: 0}
    randomTargetRadius: 0
    nextTargetInterval: 0
    moveSpeed: 0
    lightRange: 0
    intensityMin: 0
    intensityMax: 0
    intensitySpeed: 0
    color1: {r: 0, g: 0, b: 0, a: 0}
    color2: {r: 0, g: 0, b: 0, a: 0}
    colorSpeed: 0
  pointLightsScatteringAmount: 0.8
  pointLightsIntensity: 1
  pointLightInsideAtten: 0
  fixedMesh: {fileID: 0}
  closedMesh: {fileID: 0}
--- !u!114 &1042583749784716247
MonoBehaviour:
  m_ObjectHideFlags: 0
  m_CorrespondingSourceObject: {fileID: 0}
  m_PrefabInstance: {fileID: 0}
  m_PrefabAsset: {fileID: 0}
  m_GameObject: {fileID: 6042168472851983840}
  m_Enabled: 1
  m_EditorHideFlags: 0
  m_Script: {fileID: 11500000, guid: 5fea29bb7c508c244a1f805a5fd3fc4d, type: 3}
  m_Name: 
  m_EditorClassIdentifier: 
  outlineMode: 0
  outlineColor: {r: 0.74509805, g: 1, b: 0, a: 0.101960786}
  outlineWidth: 7
  precomputeOutline: 0
  bakeKeys: []
  bakeValues: []
